[gd_scene load_steps=65 format=3 uid="uid://brk4hjdf2x81a"]

[ext_resource type="Script" path="res://logic-scenes/card_picker/card_picker.gd" id="1_pjntm"]
[ext_resource type="PackedScene" uid="uid://dy5rd437h5hsw" path="res://logic-scenes/board/card.tscn" id="2_dqebt"]
[ext_resource type="PackedScene" uid="uid://vkcdj8c3ytbq" path="res://logic-scenes/board/post-it.tscn" id="3_ggbxq"]
[ext_resource type="PackedScene" uid="uid://bvowj4l8dtceu" path="res://dev-util/board of devs.tscn" id="4_1kvte"]

[sub_resource type="Animation" id="Animation_dinvx"]
length = 0.001
tracks/0/type = "value"
tracks/0/imported = false
tracks/0/enabled = true
tracks/0/path = NodePath(".:position")
tracks/0/interp = 1
tracks/0/loop_wrap = true
tracks/0/keys = {
"times": PackedFloat32Array(0),
"transitions": PackedFloat32Array(1),
"update": 0,
"values": [Vector2(-317, 25)]
}
tracks/1/type = "value"
tracks/1/imported = false
tracks/1/enabled = true
tracks/1/path = NodePath(".:rotation")
tracks/1/interp = 1
tracks/1/loop_wrap = true
tracks/1/keys = {
"times": PackedFloat32Array(0),
"transitions": PackedFloat32Array(1),
"update": 0,
"values": [-0.109599]
}
tracks/2/type = "value"
tracks/2/imported = false
tracks/2/enabled = true
tracks/2/path = NodePath(".:scale")
tracks/2/interp = 1
tracks/2/loop_wrap = true
tracks/2/keys = {
"times": PackedFloat32Array(0),
"transitions": PackedFloat32Array(1),
"update": 0,
"values": [Vector2(1, 1)]
}

[sub_resource type="Animation" id="Animation_4dp1g"]
resource_name = "deselect"
length = 0.7
tracks/0/type = "value"
tracks/0/imported = false
tracks/0/enabled = true
tracks/0/path = NodePath(".:rotation")
tracks/0/interp = 2
tracks/0/loop_wrap = true
tracks/0/keys = {
"times": PackedFloat32Array(0, 0.7),
"transitions": PackedFloat32Array(0.5, 1),
"update": 0,
"values": [-0.0244346, -0.109599]
}
tracks/1/type = "value"
tracks/1/imported = false
tracks/1/enabled = true
tracks/1/path = NodePath(".:scale")
tracks/1/interp = 2
tracks/1/loop_wrap = true
tracks/1/keys = {
"times": PackedFloat32Array(0, 0.4),
"transitions": PackedFloat32Array(0.482968, 1),
"update": 0,
"values": [Vector2(1.1, 1.1), Vector2(1, 1)]
}

[sub_resource type="Animation" id="Animation_76klu"]
resource_name = "pick"
length = 4.0
tracks/0/type = "value"
tracks/0/imported = false
tracks/0/enabled = true
tracks/0/path = NodePath(".:scale")
tracks/0/interp = 1
tracks/0/loop_wrap = true
tracks/0/keys = {
"times": PackedFloat32Array(3, 3.9),
"transitions": PackedFloat32Array(1, 1),
"update": 0,
"values": [Vector2(1.1, 1.1), Vector2(1.2, 0.8)]
}
tracks/1/type = "value"
tracks/1/imported = false
tracks/1/enabled = true
tracks/1/path = NodePath(".:rotation")
tracks/1/interp = 2
tracks/1/loop_wrap = false
tracks/1/keys = {
"times": PackedFloat32Array(0, 0.5, 3.2),
"transitions": PackedFloat32Array(1, 0.435275, 0.435275),
"update": 0,
"values": [-0.0244346, -0.174533, 0.0]
}
tracks/2/type = "value"
tracks/2/imported = false
tracks/2/enabled = true
tracks/2/path = NodePath(".:position")
tracks/2/interp = 2
tracks/2/loop_wrap = false
tracks/2/keys = {
"times": PackedFloat32Array(0.2, 0.5, 1.3, 3.1, 3.4, 3.9),
"transitions": PackedFloat32Array(0.535887, 1, 0.999997, 0.901248, 0.659752, 1.03526),
"update": 0,
"values": [Vector2(-317, 25), Vector2(-336, -127), Vector2(-12, 0), Vector2(-12, 0), Vector2(-12, 0), Vector2(0, 968)]
}

[sub_resource type="Animation" id="Animation_3304u"]
resource_name = "reveal"
length = 0.5
tracks/0/type = "value"
tracks/0/imported = false
tracks/0/enabled = true
tracks/0/path = NodePath(".:position")
tracks/0/interp = 1
tracks/0/loop_wrap = true
tracks/0/keys = {
"times": PackedFloat32Array(0, 0.3),
"transitions": PackedFloat32Array(0.435275, 1),
"update": 0,
"values": [Vector2(0, 256), Vector2(-317, 25)]
}
tracks/1/type = "value"
tracks/1/imported = false
tracks/1/enabled = true
tracks/1/path = NodePath(".:rotation")
tracks/1/interp = 1
tracks/1/loop_wrap = true
tracks/1/keys = {
"times": PackedFloat32Array(0, 0.3),
"transitions": PackedFloat32Array(0.435275, 1),
"update": 0,
"values": [0.174533, -0.109599]
}
tracks/2/type = "value"
tracks/2/imported = false
tracks/2/enabled = true
tracks/2/path = NodePath(".:scale")
tracks/2/interp = 1
tracks/2/loop_wrap = true
tracks/2/keys = {
"times": PackedFloat32Array(0.5),
"transitions": PackedFloat32Array(1),
"update": 0,
"values": [Vector2(1, 1)]
}

[sub_resource type="Animation" id="Animation_ldr2c"]
resource_name = "select"
length = 0.3
tracks/0/type = "value"
tracks/0/imported = false
tracks/0/enabled = true
tracks/0/path = NodePath(".:rotation")
tracks/0/interp = 2
tracks/0/loop_wrap = true
tracks/0/keys = {
"times": PackedFloat32Array(0, 0.2),
"transitions": PackedFloat32Array(1, 1.93187),
"update": 0,
"values": [-0.109599, -0.0244346]
}
tracks/1/type = "value"
tracks/1/imported = false
tracks/1/enabled = true
tracks/1/path = NodePath(".:scale")
tracks/1/interp = 2
tracks/1/loop_wrap = true
tracks/1/keys = {
"times": PackedFloat32Array(0, 0.2),
"transitions": PackedFloat32Array(1, 1.93187),
"update": 0,
"values": [Vector2(1, 1), Vector2(1.1, 1.1)]
}

[sub_resource type="Animation" id="Animation_abihp"]
resource_name = "shuffle"
length = 4.0
tracks/0/type = "value"
tracks/0/imported = false
tracks/0/enabled = true
tracks/0/path = NodePath(".:position")
tracks/0/interp = 2
tracks/0/loop_wrap = true
tracks/0/keys = {
"times": PackedFloat32Array(0.4, 0.7, 1.5, 2.8, 3.2, 3.7),
"transitions": PackedFloat32Array(1, 1, 1, 0.450625, 0.450625, 0.450625),
"update": 0,
"values": [Vector2(-317, 25), Vector2(18, 189), Vector2(-11, 299), Vector2(-11, 299), Vector2(-11, 299), Vector2(-11, 900)]
}
tracks/1/type = "value"
tracks/1/imported = false
tracks/1/enabled = true
tracks/1/path = NodePath(".:rotation")
tracks/1/interp = 2
tracks/1/loop_wrap = true
tracks/1/keys = {
"times": PackedFloat32Array(0.4, 0.8, 1.3, 1.6, 3),
"transitions": PackedFloat32Array(1, 1, 1, 1, 1.07177),
"update": 0,
"values": [-0.109956, 0.261799, -0.174533, 0.0, 0.0]
}
tracks/2/type = "value"
tracks/2/imported = false
tracks/2/enabled = true
tracks/2/path = NodePath(".:scale")
tracks/2/interp = 2
tracks/2/loop_wrap = true
tracks/2/keys = {
"times": PackedFloat32Array(0.4, 1.5, 2),
"transitions": PackedFloat32Array(1, 1, 1),
"update": 0,
"values": [Vector2(1, 1), Vector2(1, 1), Vector2(1.2, 1.2)]
}

[sub_resource type="Animation" id="Animation_d68d2"]
resource_name = "unshuffle"
length = 3.0
tracks/0/type = "value"
tracks/0/imported = false
tracks/0/enabled = true
tracks/0/path = NodePath(".:position")
tracks/0/interp = 2
tracks/0/loop_wrap = true
tracks/0/keys = {
"times": PackedFloat32Array(0.5, 1.4, 1.7, 2.5),
"transitions": PackedFloat32Array(0.450625, 1, 0.233258, 1),
"update": 0,
"values": [Vector2(-317, 25), Vector2(9.00003, 191), Vector2(58, 223), Vector2(242, -866)]
}
tracks/1/type = "value"
tracks/1/imported = false
tracks/1/enabled = true
tracks/1/path = NodePath(".:rotation")
tracks/1/interp = 2
tracks/1/loop_wrap = true
tracks/1/keys = {
"times": PackedFloat32Array(0.5, 1.6, 2.5),
"transitions": PackedFloat32Array(1, 1, 1),
"update": 0,
"values": [-0.109599, 0.5044, 3.4924]
}

[sub_resource type="AnimationLibrary" id="AnimationLibrary_gdxmh"]
_data = {
"RESET": SubResource("Animation_dinvx"),
"deselect": SubResource("Animation_4dp1g"),
"pick": SubResource("Animation_76klu"),
"reveal": SubResource("Animation_3304u"),
"select": SubResource("Animation_ldr2c"),
"shuffle": SubResource("Animation_abihp"),
"unshuffle": SubResource("Animation_d68d2")
}

[sub_resource type="Animation" id="Animation_pcher"]
length = 0.001
tracks/0/type = "value"
tracks/0/imported = false
tracks/0/enabled = true
tracks/0/path = NodePath(".:position")
tracks/0/interp = 1
tracks/0/loop_wrap = true
tracks/0/keys = {
"times": PackedFloat32Array(0),
"transitions": PackedFloat32Array(1),
"update": 0,
"values": [Vector2(0, 0)]
}
tracks/1/type = "value"
tracks/1/imported = false
tracks/1/enabled = true
tracks/1/path = NodePath(".:rotation")
tracks/1/interp = 1
tracks/1/loop_wrap = true
tracks/1/keys = {
"times": PackedFloat32Array(0),
"transitions": PackedFloat32Array(1),
"update": 0,
"values": [0.0]
}
tracks/2/type = "value"
tracks/2/imported = false
tracks/2/enabled = true
tracks/2/path = NodePath(".:scale")
tracks/2/interp = 1
tracks/2/loop_wrap = true
tracks/2/keys = {
"times": PackedFloat32Array(0),
"transitions": PackedFloat32Array(1),
"update": 0,
"values": [Vector2(1, 1)]
}

[sub_resource type="Animation" id="Animation_5q97d"]
resource_name = "deselect"
length = 0.7
tracks/0/type = "value"
tracks/0/imported = false
tracks/0/enabled = true
tracks/0/path = NodePath(".:scale")
tracks/0/interp = 2
tracks/0/loop_wrap = true
tracks/0/keys = {
"times": PackedFloat32Array(0, 0.4),
"transitions": PackedFloat32Array(0.482968, 1),
"update": 0,
"values": [Vector2(1.1, 1.1), Vector2(1, 1)]
}

[sub_resource type="Animation" id="Animation_16dsw"]
resource_name = "pick"
length = 4.0
tracks/0/type = "value"
tracks/0/imported = false
tracks/0/enabled = true
tracks/0/path = NodePath(".:scale")
tracks/0/interp = 1
tracks/0/loop_wrap = true
tracks/0/keys = {
"times": PackedFloat32Array(3.2, 3.9),
"transitions": PackedFloat32Array(1, 1),
"update": 0,
"values": [Vector2(1.1, 1.1), Vector2(1.2, 0.8)]
}
tracks/1/type = "value"
tracks/1/imported = false
tracks/1/enabled = true
tracks/1/path = NodePath(".:rotation")
tracks/1/interp = 2
tracks/1/loop_wrap = false
tracks/1/keys = {
"times": PackedFloat32Array(0, 0.6, 3.7),
"transitions": PackedFloat32Array(1, 0.574349, 0.535887),
"update": 0,
"values": [0.0, -0.174533, 0.0]
}
tracks/2/type = "value"
tracks/2/imported = false
tracks/2/enabled = true
tracks/2/path = NodePath(".:position")
tracks/2/interp = 2
tracks/2/loop_wrap = false
tracks/2/keys = {
"times": PackedFloat32Array(0.2, 0.5, 1.3, 3, 3.3, 3.9),
"transitions": PackedFloat32Array(0.535887, 1.07177, 0.466514, 0.933028, 0.466514, 1),
"update": 0,
"values": [Vector2(0, 0), Vector2(-10.0001, -123), Vector2(0, 0), Vector2(0, 0), Vector2(0, 0), Vector2(0, 1000)]
}

[sub_resource type="Animation" id="Animation_orrwn"]
resource_name = "reveal"
length = 0.5
tracks/0/type = "value"
tracks/0/imported = false
tracks/0/enabled = true
tracks/0/path = NodePath(".:position")
tracks/0/interp = 1
tracks/0/loop_wrap = true
tracks/0/keys = {
"times": PackedFloat32Array(0.1, 0.4),
"transitions": PackedFloat32Array(0.517633, 1),
"update": 0,
"values": [Vector2(0, 256), Vector2(0, 0)]
}
tracks/1/type = "value"
tracks/1/imported = false
tracks/1/enabled = true
tracks/1/path = NodePath(".:rotation")
tracks/1/interp = 1
tracks/1/loop_wrap = true
tracks/1/keys = {
"times": PackedFloat32Array(0.1, 0.4),
"transitions": PackedFloat32Array(0.517633, 1),
"update": 0,
"values": [0.349066, 0.0]
}
tracks/2/type = "value"
tracks/2/imported = false
tracks/2/enabled = true
tracks/2/path = NodePath(".:scale")
tracks/2/interp = 1
tracks/2/loop_wrap = true
tracks/2/keys = {
"times": PackedFloat32Array(0.5),
"transitions": PackedFloat32Array(1),
"update": 0,
"values": [Vector2(1, 1)]
}

[sub_resource type="Animation" id="Animation_2c94q"]
resource_name = "select"
length = 0.3
tracks/0/type = "value"
tracks/0/imported = false
tracks/0/enabled = true
tracks/0/path = NodePath(".:scale")
tracks/0/interp = 2
tracks/0/loop_wrap = true
tracks/0/keys = {
"times": PackedFloat32Array(0, 0.2),
"transitions": PackedFloat32Array(1, 1.93187),
"update": 0,
"values": [Vector2(1, 1), Vector2(1.1, 1.1)]
}

[sub_resource type="Animation" id="Animation_pdic8"]
resource_name = "shuffle"
length = 4.0
tracks/0/type = "value"
tracks/0/imported = false
tracks/0/enabled = true
tracks/0/path = NodePath(".:position")
tracks/0/interp = 2
tracks/0/loop_wrap = true
tracks/0/keys = {
"times": PackedFloat32Array(0.4, 0.9, 1.3, 3, 3.9),
"transitions": PackedFloat32Array(0.466517, 1, 1, 0.378929, 0.450625),
"update": 0,
"values": [Vector2(0, 0), Vector2(18, 189), Vector2(-11, 299), Vector2(-11, 400), Vector2(-11, 900)]
}
tracks/1/type = "value"
tracks/1/imported = false
tracks/1/enabled = true
tracks/1/path = NodePath(".:rotation")
tracks/1/interp = 2
tracks/1/loop_wrap = true
tracks/1/keys = {
"times": PackedFloat32Array(0.4, 1, 1.4, 3.3),
"transitions": PackedFloat32Array(1, 1, 1, 1.07177),
"update": 0,
"values": [0.0, -0.520108, 0.0, 0.0]
}
tracks/2/type = "value"
tracks/2/imported = false
tracks/2/enabled = true
tracks/2/path = NodePath(".:scale")
tracks/2/interp = 2
tracks/2/loop_wrap = true
tracks/2/keys = {
"times": PackedFloat32Array(0.4, 1.3, 1.8),
"transitions": PackedFloat32Array(1, 1, 1),
"update": 0,
"values": [Vector2(1, 1), Vector2(1, 1), Vector2(1.2, 1.2)]
}

[sub_resource type="Animation" id="Animation_sa974"]
resource_name = "unshuffle"
length = 3.0
tracks/0/type = "value"
tracks/0/imported = false
tracks/0/enabled = true
tracks/0/path = NodePath(".:position")
tracks/0/interp = 2
tracks/0/loop_wrap = true
tracks/0/keys = {
"times": PackedFloat32Array(0.5, 1.4, 1.7, 2.4),
"transitions": PackedFloat32Array(0.63728, 1, 0.392292, 1),
"update": 0,
"values": [Vector2(0, 0), Vector2(-20, 195), Vector2(28, 213), Vector2(322, -781)]
}
tracks/1/type = "value"
tracks/1/imported = false
tracks/1/enabled = true
tracks/1/path = NodePath(".:rotation")
tracks/1/interp = 2
tracks/1/loop_wrap = true
tracks/1/keys = {
"times": PackedFloat32Array(0.5, 1.5, 2.5),
"transitions": PackedFloat32Array(1, 1, 1),
"update": 0,
"values": [0.0, 0.0436332, 3.22362]
}

[sub_resource type="AnimationLibrary" id="AnimationLibrary_oxheu"]
_data = {
"RESET": SubResource("Animation_pcher"),
"deselect": SubResource("Animation_5q97d"),
"pick": SubResource("Animation_16dsw"),
"reveal": SubResource("Animation_orrwn"),
"select": SubResource("Animation_2c94q"),
"shuffle": SubResource("Animation_pdic8"),
"unshuffle": SubResource("Animation_sa974")
}

[sub_resource type="Animation" id="Animation_pf55g"]
length = 0.001
tracks/0/type = "value"
tracks/0/imported = false
tracks/0/enabled = true
tracks/0/path = NodePath(".:position")
tracks/0/interp = 1
tracks/0/loop_wrap = true
tracks/0/keys = {
"times": PackedFloat32Array(0),
"transitions": PackedFloat32Array(1),
"update": 0,
"values": [Vector2(315, 22)]
}
tracks/1/type = "value"
tracks/1/imported = false
tracks/1/enabled = true
tracks/1/path = NodePath(".:rotation")
tracks/1/interp = 1
tracks/1/loop_wrap = true
tracks/1/keys = {
"times": PackedFloat32Array(0),
"transitions": PackedFloat32Array(1),
"update": 0,
"values": [0.10472]
}
tracks/2/type = "value"
tracks/2/imported = false
tracks/2/enabled = true
tracks/2/path = NodePath(".:scale")
tracks/2/interp = 1
tracks/2/loop_wrap = true
tracks/2/keys = {
"times": PackedFloat32Array(0),
"transitions": PackedFloat32Array(1),
"update": 0,
"values": [Vector2(1, 1)]
}

[sub_resource type="Animation" id="Animation_6ar8x"]
resource_name = "deselect"
length = 0.7
tracks/0/type = "value"
tracks/0/imported = false
tracks/0/enabled = true
tracks/0/path = NodePath(".:scale")
tracks/0/interp = 2
tracks/0/loop_wrap = true
tracks/0/keys = {
"times": PackedFloat32Array(0, 0.4),
"transitions": PackedFloat32Array(0.482968, 1),
"update": 0,
"values": [Vector2(1.1, 1.1), Vector2(1, 1)]
}
tracks/1/type = "value"
tracks/1/imported = false
tracks/1/enabled = true
tracks/1/path = NodePath(".:rotation")
tracks/1/interp = 2
tracks/1/loop_wrap = true
tracks/1/keys = {
"times": PackedFloat32Array(0, 0.7),
"transitions": PackedFloat32Array(0.615572, 1),
"update": 0,
"values": [0.0349066, 0.10472]
}

[sub_resource type="Animation" id="Animation_wp0c8"]
resource_name = "pick"
length = 4.0
tracks/0/type = "value"
tracks/0/imported = false
tracks/0/enabled = true
tracks/0/path = NodePath(".:scale")
tracks/0/interp = 1
tracks/0/loop_wrap = true
tracks/0/keys = {
"times": PackedFloat32Array(3, 4),
"transitions": PackedFloat32Array(1, 1),
"update": 0,
"values": [Vector2(1.1, 1.1), Vector2(1.2, 0.8)]
}
tracks/1/type = "value"
tracks/1/imported = false
tracks/1/enabled = true
tracks/1/path = NodePath(".:rotation")
tracks/1/interp = 2
tracks/1/loop_wrap = false
tracks/1/keys = {
"times": PackedFloat32Array(0, 0.6, 3.4),
"transitions": PackedFloat32Array(1, 0.574349, 0.535887),
"update": 0,
"values": [0.0349066, 0.174533, 0.0]
}
tracks/2/type = "value"
tracks/2/imported = false
tracks/2/enabled = true
tracks/2/path = NodePath(".:position")
tracks/2/interp = 2
tracks/2/loop_wrap = false
tracks/2/keys = {
"times": PackedFloat32Array(0.2, 0.6, 1.3, 3, 3.3, 4),
"transitions": PackedFloat32Array(0.535887, 1, 0.93303, 1.07177, 0.554783, 1),
"update": 0,
"values": [Vector2(315, 22), Vector2(350, -123), Vector2(0, 0), Vector2(0, 0), Vector2(0, 0), Vector2(0, 1000)]
}

[sub_resource type="Animation" id="Animation_ep22n"]
resource_name = "reveal"
length = 0.5
tracks/0/type = "value"
tracks/0/imported = false
tracks/0/enabled = true
tracks/0/path = NodePath(".:position")
tracks/0/interp = 1
tracks/0/loop_wrap = true
tracks/0/keys = {
"times": PackedFloat32Array(0.2, 0.5),
"transitions": PackedFloat32Array(0.482968, 1),
"update": 0,
"values": [Vector2(0, 256), Vector2(315, 22)]
}
tracks/1/type = "value"
tracks/1/imported = false
tracks/1/enabled = true
tracks/1/path = NodePath(".:rotation")
tracks/1/interp = 1
tracks/1/loop_wrap = true
tracks/1/keys = {
"times": PackedFloat32Array(0.2, 0.5),
"transitions": PackedFloat32Array(0.482968, 1),
"update": 0,
"values": [0.349066, 0.10472]
}
tracks/2/type = "value"
tracks/2/imported = false
tracks/2/enabled = true
tracks/2/path = NodePath(".:scale")
tracks/2/interp = 1
tracks/2/loop_wrap = true
tracks/2/keys = {
"times": PackedFloat32Array(0.5),
"transitions": PackedFloat32Array(1),
"update": 0,
"values": [Vector2(1, 1)]
}

[sub_resource type="Animation" id="Animation_pcu23"]
resource_name = "select"
length = 0.3
tracks/0/type = "value"
tracks/0/imported = false
tracks/0/enabled = true
tracks/0/path = NodePath(".:scale")
tracks/0/interp = 2
tracks/0/loop_wrap = true
tracks/0/keys = {
"times": PackedFloat32Array(0, 0.2),
"transitions": PackedFloat32Array(1, 1.93187),
"update": 0,
"values": [Vector2(1, 1), Vector2(1.1, 1.1)]
}
tracks/1/type = "value"
tracks/1/imported = false
tracks/1/enabled = true
tracks/1/path = NodePath(".:rotation")
tracks/1/interp = 2
tracks/1/loop_wrap = true
tracks/1/keys = {
"times": PackedFloat32Array(0, 0.2),
"transitions": PackedFloat32Array(1, 1),
"update": 0,
"values": [0.10472, 0.0349066]
}

[sub_resource type="Animation" id="Animation_vu874"]
resource_name = "shuffle"
length = 4.0
tracks/0/type = "value"
tracks/0/imported = false
tracks/0/enabled = true
tracks/0/path = NodePath(".:position")
tracks/0/interp = 2
tracks/0/loop_wrap = true
tracks/0/keys = {
"times": PackedFloat32Array(0.4, 0.7, 1.1, 1.4, 3, 3.4, 4),
"transitions": PackedFloat32Array(0.5, 1, 1, 1, 0.450625, 0.450625, 0.450625),
"update": 0,
"values": [Vector2(315, 22), Vector2(-20, 177), Vector2(6, 222), Vector2(-11, 299), Vector2(-11, 300), Vector2(-11, 300), Vector2(-11, 900)]
}
tracks/1/type = "value"
tracks/1/imported = false
tracks/1/enabled = true
tracks/1/path = NodePath(".:rotation")
tracks/1/interp = 2
tracks/1/loop_wrap = true
tracks/1/keys = {
"times": PackedFloat32Array(0.4, 0.7, 1.5, 3.5),
"transitions": PackedFloat32Array(1, 1, 1, 1.07177),
"update": 0,
"values": [0.10472, 0.336849, 0.0, 0.0]
}
tracks/2/type = "value"
tracks/2/imported = false
tracks/2/enabled = true
tracks/2/path = NodePath(".:scale")
tracks/2/interp = 2
tracks/2/loop_wrap = true
tracks/2/keys = {
"times": PackedFloat32Array(0.4, 0.9, 1.9),
"transitions": PackedFloat32Array(1, 1, 1),
"update": 0,
"values": [Vector2(1, 1), Vector2(1, 1), Vector2(1.2, 1.2)]
}

[sub_resource type="Animation" id="Animation_mj8e0"]
resource_name = "unshuffle"
length = 3.0
tracks/0/type = "value"
tracks/0/imported = false
tracks/0/enabled = true
tracks/0/path = NodePath(".:position")
tracks/0/interp = 2
tracks/0/loop_wrap = true
tracks/0/keys = {
"times": PackedFloat32Array(0.5, 1.4, 2.1),
"transitions": PackedFloat32Array(0.435275, 0.392292, 1),
"update": 0,
"values": [Vector2(315, 22), Vector2(28, 213), Vector2(322, -781)]
}
tracks/1/type = "value"
tracks/1/imported = false
tracks/1/enabled = true
tracks/1/path = NodePath(".:rotation")
tracks/1/interp = 2
tracks/1/loop_wrap = true
tracks/1/keys = {
"times": PackedFloat32Array(0.5, 1.4, 2.1),
"transitions": PackedFloat32Array(1, 1, 1),
"update": 0,
"values": [0.10472, 0.0436332, 3.22362]
}

[sub_resource type="AnimationLibrary" id="AnimationLibrary_8blxm"]
_data = {
"RESET": SubResource("Animation_pf55g"),
"deselect": SubResource("Animation_6ar8x"),
"pick": SubResource("Animation_wp0c8"),
"reveal": SubResource("Animation_ep22n"),
"select": SubResource("Animation_pcu23"),
"shuffle": SubResource("Animation_vu874"),
"unshuffle": SubResource("Animation_mj8e0")
}

[sub_resource type="Animation" id="Animation_hh7qf"]
length = 0.001
tracks/0/type = "value"
tracks/0/imported = false
tracks/0/enabled = true
tracks/0/path = NodePath("..:position")
tracks/0/interp = 1
tracks/0/loop_wrap = true
tracks/0/keys = {
"times": PackedFloat32Array(0),
"transitions": PackedFloat32Array(1),
"update": 0,
"values": [Vector2(0, -150)]
}
tracks/1/type = "value"
tracks/1/imported = false
tracks/1/enabled = true
tracks/1/path = NodePath("..:rotation")
tracks/1/interp = 1
tracks/1/loop_wrap = true
tracks/1/keys = {
"times": PackedFloat32Array(0),
"transitions": PackedFloat32Array(1),
"update": 0,
"values": [0.0]
}

[sub_resource type="Animation" id="Animation_db3wx"]
resource_name = "deselect"
length = 0.3
tracks/0/type = "value"
tracks/0/imported = false
tracks/0/enabled = true
tracks/0/path = NodePath("..:position")
tracks/0/interp = 1
tracks/0/loop_wrap = true
tracks/0/keys = {
"times": PackedFloat32Array(0, 0.3),
"transitions": PackedFloat32Array(0.170755, 0.554785),
"update": 0,
"values": [Vector2(-36, -150), Vector2(0, -150)]
}

[sub_resource type="Animation" id="Animation_oomyj"]
resource_name = "ini"
length = 0.001
tracks/0/type = "value"
tracks/0/imported = false
tracks/0/enabled = true
tracks/0/path = NodePath("..:position")
tracks/0/interp = 1
tracks/0/loop_wrap = true
tracks/0/keys = {
"times": PackedFloat32Array(0),
"transitions": PackedFloat32Array(1),
"update": 0,
"values": [Vector2(1500, -150)]
}
tracks/1/type = "value"
tracks/1/imported = false
tracks/1/enabled = true
tracks/1/path = NodePath("..:rotation")
tracks/1/interp = 1
tracks/1/loop_wrap = true
tracks/1/keys = {
"times": PackedFloat32Array(0),
"transitions": PackedFloat32Array(1),
"update": 0,
"values": [0.0]
}

[sub_resource type="Animation" id="Animation_f8vfd"]
resource_name = "pick"
length = 3.0
tracks/0/type = "value"
tracks/0/imported = false
tracks/0/enabled = true
tracks/0/path = NodePath("..:position")
tracks/0/interp = 2
tracks/0/loop_wrap = true
tracks/0/keys = {
"times": PackedFloat32Array(0, 0.6, 2.1, 2.3, 3),
"transitions": PackedFloat32Array(1, 1, 1, 1, 1),
"update": 0,
"values": [Vector2(-36, -150), Vector2(-178, -162), Vector2(-211, -168), Vector2(-211, -168), Vector2(-232, 660)]
}

[sub_resource type="Animation" id="Animation_5v63o"]
resource_name = "post"
tracks/0/type = "value"
tracks/0/imported = false
tracks/0/enabled = true
tracks/0/path = NodePath("..:position")
tracks/0/interp = 2
tracks/0/loop_wrap = true
tracks/0/keys = {
"times": PackedFloat32Array(0, 0.5),
"transitions": PackedFloat32Array(1, 1),
"update": 0,
"values": [Vector2(1500, -150), Vector2(0, -150)]
}
tracks/1/type = "value"
tracks/1/imported = false
tracks/1/enabled = true
tracks/1/path = NodePath("..:rotation")
tracks/1/interp = 1
tracks/1/loop_wrap = true
tracks/1/keys = {
"times": PackedFloat32Array(0),
"transitions": PackedFloat32Array(1),
"update": 0,
"values": [0.0]
}

[sub_resource type="Animation" id="Animation_gobvn"]
resource_name = "select"
length = 0.2
tracks/0/type = "value"
tracks/0/imported = false
tracks/0/enabled = true
tracks/0/path = NodePath("..:position")
tracks/0/interp = 2
tracks/0/loop_wrap = true
tracks/0/keys = {
"times": PackedFloat32Array(0, 0.2),
"transitions": PackedFloat32Array(1.27456, 0.870551),
"update": 0,
"values": [Vector2(0, -150), Vector2(-36, -150)]
}

[sub_resource type="Animation" id="Animation_mvyrg"]
resource_name = "shuffle"
length = 3.0
tracks/0/type = "value"
tracks/0/imported = false
tracks/0/enabled = true
tracks/0/path = NodePath("..:position")
tracks/0/interp = 2
tracks/0/loop_wrap = true
tracks/0/keys = {
"times": PackedFloat32Array(0.3, 0.6, 2, 2.4, 2.9),
"transitions": PackedFloat32Array(1, 1, 1, 1, 1),
"update": 0,
"values": [Vector2(0, -150), Vector2(-178, -12), Vector2(-178, -12), Vector2(-211, -18), Vector2(-232, 660)]
}

[sub_resource type="Animation" id="Animation_44t0h"]
resource_name = "unshuffle"
length = 2.0
tracks/0/type = "value"
tracks/0/imported = false
tracks/0/enabled = true
tracks/0/path = NodePath("..:position")
tracks/0/interp = 2
tracks/0/loop_wrap = true
tracks/0/keys = {
"times": PackedFloat32Array(0.3, 0.6, 1, 1.9),
"transitions": PackedFloat32Array(1, 1, 1, 1),
"update": 0,
"values": [Vector2(0, -150), Vector2(-178, -12), Vector2(-178, -12), Vector2(2402, -42)]
}
tracks/1/type = "value"
tracks/1/imported = false
tracks/1/enabled = true
tracks/1/path = NodePath("..:rotation")
tracks/1/interp = 2
tracks/1/loop_wrap = true
tracks/1/keys = {
"times": PackedFloat32Array(0.4, 0.9, 2),
"transitions": PackedFloat32Array(1, 1, 1),
"update": 0,
"values": [0.0, -0.129154, 0.698132]
}

[sub_resource type="AnimationLibrary" id="AnimationLibrary_ga4dm"]
_data = {
"RESET": SubResource("Animation_hh7qf"),
"deselect": SubResource("Animation_db3wx"),
"ini": SubResource("Animation_oomyj"),
"pick": SubResource("Animation_f8vfd"),
"post": SubResource("Animation_5v63o"),
"select": SubResource("Animation_gobvn"),
"shuffle": SubResource("Animation_mvyrg"),
"unshuffle": SubResource("Animation_44t0h")
}

[sub_resource type="Animation" id="Animation_ourou"]
length = 0.001
tracks/0/type = "value"
tracks/0/imported = false
tracks/0/enabled = true
tracks/0/path = NodePath("..:position")
tracks/0/interp = 1
tracks/0/loop_wrap = true
tracks/0/keys = {
"times": PackedFloat32Array(0),
"transitions": PackedFloat32Array(1),
"update": 0,
"values": [Vector2(0, -50)]
}
tracks/1/type = "value"
tracks/1/imported = false
tracks/1/enabled = true
tracks/1/path = NodePath("..:rotation")
tracks/1/interp = 1
tracks/1/loop_wrap = true
tracks/1/keys = {
"times": PackedFloat32Array(0),
"transitions": PackedFloat32Array(1),
"update": 0,
"values": [0.0]
}

[sub_resource type="Animation" id="Animation_t16fx"]
resource_name = "deselect"
length = 0.3
tracks/0/type = "value"
tracks/0/imported = false
tracks/0/enabled = true
tracks/0/path = NodePath("..:position")
tracks/0/interp = 1
tracks/0/loop_wrap = true
tracks/0/keys = {
"times": PackedFloat32Array(0, 0.2),
"transitions": PackedFloat32Array(0.225313, 1.27456),
"update": 0,
"values": [Vector2(-36, -50), Vector2(0, -50)]
}

[sub_resource type="Animation" id="Animation_a7nxj"]
resource_name = "ini"
length = 0.001
tracks/0/type = "value"
tracks/0/imported = false
tracks/0/enabled = true
tracks/0/path = NodePath("..:position")
tracks/0/interp = 1
tracks/0/loop_wrap = true
tracks/0/keys = {
"times": PackedFloat32Array(0),
"transitions": PackedFloat32Array(1),
"update": 0,
"values": [Vector2(1500, -50)]
}
tracks/1/type = "value"
tracks/1/imported = false
tracks/1/enabled = true
tracks/1/path = NodePath("..:rotation")
tracks/1/interp = 1
tracks/1/loop_wrap = true
tracks/1/keys = {
"times": PackedFloat32Array(0),
"transitions": PackedFloat32Array(1),
"update": 0,
"values": [0.0]
}

[sub_resource type="Animation" id="Animation_tl7d6"]
resource_name = "pick"
length = 3.0
tracks/0/type = "value"
tracks/0/imported = false
tracks/0/enabled = true
tracks/0/path = NodePath("..:position")
tracks/0/interp = 2
tracks/0/loop_wrap = true
tracks/0/keys = {
"times": PackedFloat32Array(0, 0.6, 2.1, 2.3, 3),
"transitions": PackedFloat32Array(1, 1, 1, 1, 1),
"update": 0,
"values": [Vector2(-36, -50), Vector2(-184, -150), Vector2(-220, -150), Vector2(-220, -150), Vector2(-233, 662)]
}

[sub_resource type="Animation" id="Animation_4o8cy"]
resource_name = "post"
tracks/0/type = "value"
tracks/0/imported = false
tracks/0/enabled = true
tracks/0/path = NodePath("..:position")
tracks/0/interp = 2
tracks/0/loop_wrap = true
tracks/0/keys = {
"times": PackedFloat32Array(0.2, 0.6),
"transitions": PackedFloat32Array(1, 1),
"update": 0,
"values": [Vector2(1500, -50), Vector2(0, -50)]
}
tracks/1/type = "value"
tracks/1/imported = false
tracks/1/enabled = true
tracks/1/path = NodePath("..:rotation")
tracks/1/interp = 1
tracks/1/loop_wrap = true
tracks/1/keys = {
"times": PackedFloat32Array(0),
"transitions": PackedFloat32Array(1),
"update": 0,
"values": [0.0]
}

[sub_resource type="Animation" id="Animation_8li7b"]
resource_name = "select"
length = 0.2
tracks/0/type = "value"
tracks/0/imported = false
tracks/0/enabled = true
tracks/0/path = NodePath("..:position")
tracks/0/interp = 1
tracks/0/loop_wrap = true
tracks/0/keys = {
"times": PackedFloat32Array(0, 0.2),
"transitions": PackedFloat32Array(1.27456, 1),
"update": 0,
"values": [Vector2(0, -50), Vector2(-36, -50)]
}

[sub_resource type="Animation" id="Animation_iek4d"]
resource_name = "shuffle"
length = 3.0
tracks/0/type = "value"
tracks/0/imported = false
tracks/0/enabled = true
tracks/0/path = NodePath("..:position")
tracks/0/interp = 2
tracks/0/loop_wrap = true
tracks/0/keys = {
"times": PackedFloat32Array(0.3, 0.6, 1.9, 2.3, 2.9),
"transitions": PackedFloat32Array(1, 1, 1, 1, 1),
"update": 0,
"values": [Vector2(0, -50), Vector2(-191, -3), Vector2(-191, -3), Vector2(-195, -30), Vector2(-237, 766)]
}

[sub_resource type="Animation" id="Animation_1rscv"]
resource_name = "unshuffle"
length = 2.0
tracks/0/type = "value"
tracks/0/imported = false
tracks/0/enabled = true
tracks/0/path = NodePath("..:position")
tracks/0/interp = 2
tracks/0/loop_wrap = true
tracks/0/keys = {
"times": PackedFloat32Array(0.2, 0.6, 1.1, 1.9),
"transitions": PackedFloat32Array(1, 1, 1, 1),
"update": 0,
"values": [Vector2(0, -50), Vector2(-172, -20), Vector2(-172, -20), Vector2(2406, -46)]
}
tracks/1/type = "value"
tracks/1/imported = false
tracks/1/enabled = true
tracks/1/path = NodePath("..:rotation")
tracks/1/interp = 2
tracks/1/loop_wrap = true
tracks/1/keys = {
"times": PackedFloat32Array(0.4, 1.1, 1.9),
"transitions": PackedFloat32Array(1, 1, 1),
"update": 0,
"values": [0.0, 0.300197, 0.349066]
}

[sub_resource type="AnimationLibrary" id="AnimationLibrary_sxnmi"]
_data = {
"RESET": SubResource("Animation_ourou"),
"deselect": SubResource("Animation_t16fx"),
"ini": SubResource("Animation_a7nxj"),
"pick": SubResource("Animation_tl7d6"),
"post": SubResource("Animation_4o8cy"),
"select": SubResource("Animation_8li7b"),
"shuffle": SubResource("Animation_iek4d"),
"unshuffle": SubResource("Animation_1rscv")
}

[sub_resource type="Animation" id="Animation_v6m7e"]
length = 0.001
tracks/0/type = "value"
tracks/0/imported = false
tracks/0/enabled = true
tracks/0/path = NodePath("..:position")
tracks/0/interp = 1
tracks/0/loop_wrap = true
tracks/0/keys = {
"times": PackedFloat32Array(0),
"transitions": PackedFloat32Array(1),
"update": 0,
"values": [Vector2(0, 50)]
}
tracks/1/type = "value"
tracks/1/imported = false
tracks/1/enabled = true
tracks/1/path = NodePath("..:rotation")
tracks/1/interp = 1
tracks/1/loop_wrap = true
tracks/1/keys = {
"times": PackedFloat32Array(0),
"transitions": PackedFloat32Array(1),
"update": 0,
"values": [0.0]
}

[sub_resource type="Animation" id="Animation_32m72"]
resource_name = "deselect"
length = 0.3
tracks/0/type = "value"
tracks/0/imported = false
tracks/0/enabled = true
tracks/0/path = NodePath("..:position")
tracks/0/interp = 1
tracks/0/loop_wrap = true
tracks/0/keys = {
"times": PackedFloat32Array(0, 0.2),
"transitions": PackedFloat32Array(0.217638, 1.41421),
"update": 0,
"values": [Vector2(-36, 50), Vector2(0, 50)]
}

[sub_resource type="Animation" id="Animation_yvltd"]
resource_name = "ini"
length = 0.001
tracks/0/type = "value"
tracks/0/imported = false
tracks/0/enabled = true
tracks/0/path = NodePath("..:position")
tracks/0/interp = 1
tracks/0/loop_wrap = true
tracks/0/keys = {
"times": PackedFloat32Array(0),
"transitions": PackedFloat32Array(1),
"update": 0,
"values": [Vector2(1500, 50)]
}
tracks/1/type = "value"
tracks/1/imported = false
tracks/1/enabled = true
tracks/1/path = NodePath("..:rotation")
tracks/1/interp = 1
tracks/1/loop_wrap = true
tracks/1/keys = {
"times": PackedFloat32Array(0),
"transitions": PackedFloat32Array(1),
"update": 0,
"values": [0.0]
}

[sub_resource type="Animation" id="Animation_k8c2u"]
resource_name = "pick"
length = 3.0
tracks/0/type = "value"
tracks/0/imported = false
tracks/0/enabled = true
tracks/0/path = NodePath("..:position")
tracks/0/interp = 2
tracks/0/loop_wrap = true
tracks/0/keys = {
"times": PackedFloat32Array(0, 0.6, 2.1, 2.3, 3),
"transitions": PackedFloat32Array(1, 1, 1, 1, 1),
"update": 0,
"values": [Vector2(-36, 50), Vector2(-182, 150), Vector2(-218, 150), Vector2(-218, 150), Vector2(-231, 668)]
}

[sub_resource type="Animation" id="Animation_yt7rm"]
resource_name = "post"
tracks/0/type = "value"
tracks/0/imported = false
tracks/0/enabled = true
tracks/0/path = NodePath("..:position")
tracks/0/interp = 2
tracks/0/loop_wrap = true
tracks/0/keys = {
"times": PackedFloat32Array(0.3, 0.8),
"transitions": PackedFloat32Array(1, 1),
"update": 0,
"values": [Vector2(1500, 50), Vector2(0, 50)]
}
tracks/1/type = "value"
tracks/1/imported = false
tracks/1/enabled = true
tracks/1/path = NodePath("..:rotation")
tracks/1/interp = 1
tracks/1/loop_wrap = true
tracks/1/keys = {
"times": PackedFloat32Array(0),
"transitions": PackedFloat32Array(1),
"update": 0,
"values": [0.0]
}

[sub_resource type="Animation" id="Animation_pctou"]
resource_name = "select"
length = 0.2
tracks/0/type = "value"
tracks/0/imported = false
tracks/0/enabled = true
tracks/0/path = NodePath("..:position")
tracks/0/interp = 1
tracks/0/loop_wrap = true
tracks/0/keys = {
"times": PackedFloat32Array(0, 0.2),
"transitions": PackedFloat32Array(1.41421, 1),
"update": 0,
"values": [Vector2(0, 50), Vector2(-36, 50)]
}

[sub_resource type="Animation" id="Animation_mi4ua"]
resource_name = "shuffle"
length = 3.0
tracks/0/type = "value"
tracks/0/imported = false
tracks/0/enabled = true
tracks/0/path = NodePath("..:position")
tracks/0/interp = 2
tracks/0/loop_wrap = true
tracks/0/keys = {
"times": PackedFloat32Array(0.3, 0.7, 1.9, 2.3, 2.9),
"transitions": PackedFloat32Array(1, 1, 1, 1, 1),
"update": 0,
"values": [Vector2(0, 50), Vector2(-170, -23), Vector2(-170, -23), Vector2(-207, -39), Vector2(-207, 765)]
}

[sub_resource type="Animation" id="Animation_gnv6g"]
resource_name = "unshuffle"
length = 2.0
tracks/0/type = "value"
tracks/0/imported = false
tracks/0/enabled = true
tracks/0/path = NodePath("..:position")
tracks/0/interp = 2
tracks/0/loop_wrap = true
tracks/0/keys = {
"times": PackedFloat32Array(0.4, 0.7, 1.2, 1.9),
"transitions": PackedFloat32Array(1, 1, 1, 1),
"update": 0,
"values": [Vector2(0, 50), Vector2(-170, -7), Vector2(-170, -7), Vector2(2406, -48)]
}
tracks/1/type = "value"
tracks/1/imported = false
tracks/1/enabled = true
tracks/1/path = NodePath("..:rotation")
tracks/1/interp = 1
tracks/1/loop_wrap = true
tracks/1/keys = {
"times": PackedFloat32Array(0.4, 1.1, 1.9),
"transitions": PackedFloat32Array(1, 1, 1),
"update": 0,
"values": [0.0, -0.34383, 1.39626]
}

[sub_resource type="AnimationLibrary" id="AnimationLibrary_xs06v"]
_data = {
"RESET": SubResource("Animation_v6m7e"),
"deselect": SubResource("Animation_32m72"),
"ini": SubResource("Animation_yvltd"),
"pick": SubResource("Animation_k8c2u"),
"post": SubResource("Animation_yt7rm"),
"select": SubResource("Animation_pctou"),
"shuffle": SubResource("Animation_mi4ua"),
"unshuffle": SubResource("Animation_gnv6g")
}

[sub_resource type="Animation" id="Animation_3dc20"]
length = 0.001
tracks/0/type = "value"
tracks/0/imported = false
tracks/0/enabled = true
tracks/0/path = NodePath("..:position")
tracks/0/interp = 1
tracks/0/loop_wrap = true
tracks/0/keys = {
"times": PackedFloat32Array(0),
"transitions": PackedFloat32Array(1),
"update": 0,
"values": [Vector2(0, 150)]
}
tracks/1/type = "value"
tracks/1/imported = false
tracks/1/enabled = true
tracks/1/path = NodePath("..:rotation")
tracks/1/interp = 1
tracks/1/loop_wrap = true
tracks/1/keys = {
"times": PackedFloat32Array(0),
"transitions": PackedFloat32Array(1),
"update": 0,
"values": [0.0]
}

[sub_resource type="Animation" id="Animation_23127"]
resource_name = "deselect"
length = 0.3
tracks/0/type = "value"
tracks/0/imported = false
tracks/0/enabled = true
tracks/0/path = NodePath("..:position")
tracks/0/interp = 1
tracks/0/loop_wrap = true
tracks/0/keys = {
"times": PackedFloat32Array(0, 0.2),
"transitions": PackedFloat32Array(0.203063, 1.46409),
"update": 0,
"values": [Vector2(-36, 150), Vector2(0, 150)]
}

[sub_resource type="Animation" id="Animation_jwgnr"]
resource_name = "ini"
length = 0.001
tracks/0/type = "value"
tracks/0/imported = false
tracks/0/enabled = true
tracks/0/path = NodePath("..:position")
tracks/0/interp = 1
tracks/0/loop_wrap = true
tracks/0/keys = {
"times": PackedFloat32Array(0),
"transitions": PackedFloat32Array(1),
"update": 0,
"values": [Vector2(1500, 150)]
}
tracks/1/type = "value"
tracks/1/imported = false
tracks/1/enabled = true
tracks/1/path = NodePath("..:rotation")
tracks/1/interp = 1
tracks/1/loop_wrap = true
tracks/1/keys = {
"times": PackedFloat32Array(0),
"transitions": PackedFloat32Array(1),
"update": 0,
"values": [0.0]
}

[sub_resource type="Animation" id="Animation_0q62n"]
resource_name = "pick"
length = 3.0
tracks/0/type = "value"
tracks/0/imported = false
tracks/0/enabled = true
tracks/0/path = NodePath("..:position")
tracks/0/interp = 2
tracks/0/loop_wrap = true
tracks/0/keys = {
"times": PackedFloat32Array(0, 0.6, 2.1, 2.3, 3),
"transitions": PackedFloat32Array(1, 1, 1, 1, 1),
"update": 0,
"values": [Vector2(-36, 150), Vector2(-180, 154), Vector2(-200, 147), Vector2(-200, 147), Vector2(-220, 652)]
}

[sub_resource type="Animation" id="Animation_nrcuu"]
resource_name = "post"
tracks/0/type = "value"
tracks/0/imported = false
tracks/0/enabled = true
tracks/0/path = NodePath("..:position")
tracks/0/interp = 2
tracks/0/loop_wrap = true
tracks/0/keys = {
"times": PackedFloat32Array(0.5, 1),
"transitions": PackedFloat32Array(1, 1),
"update": 0,
"values": [Vector2(1500, 150), Vector2(0, 150)]
}
tracks/1/type = "value"
tracks/1/imported = false
tracks/1/enabled = true
tracks/1/path = NodePath("..:rotation")
tracks/1/interp = 1
tracks/1/loop_wrap = true
tracks/1/keys = {
"times": PackedFloat32Array(0),
"transitions": PackedFloat32Array(1),
"update": 0,
"values": [0.0]
}

[sub_resource type="Animation" id="Animation_36h4c"]
resource_name = "select"
length = 0.2
tracks/0/type = "value"
tracks/0/imported = false
tracks/0/enabled = true
tracks/0/path = NodePath("..:position")
tracks/0/interp = 1
tracks/0/loop_wrap = true
tracks/0/keys = {
"times": PackedFloat32Array(0, 0.2),
"transitions": PackedFloat32Array(1.46409, 1),
"update": 0,
"values": [Vector2(0, 150), Vector2(-36, 150)]
}

[sub_resource type="Animation" id="Animation_m0sop"]
resource_name = "shuffle"
length = 3.0
tracks/0/type = "value"
tracks/0/imported = false
tracks/0/enabled = true
tracks/0/path = NodePath("..:position")
tracks/0/interp = 2
tracks/0/loop_wrap = true
tracks/0/keys = {
"times": PackedFloat32Array(0.3, 0.8, 1.9, 2.3, 2.9),
"transitions": PackedFloat32Array(1, 1, 1, 1, 1),
"update": 0,
"values": [Vector2(0, 150), Vector2(-180, 7), Vector2(-180, 7), Vector2(-182, -37), Vector2(-238, 763)]
}

[sub_resource type="Animation" id="Animation_hh1hx"]
resource_name = "unshuffle"
length = 2.0
tracks/0/type = "value"
tracks/0/imported = false
tracks/0/enabled = true
tracks/0/path = NodePath("..:position")
tracks/0/interp = 2
tracks/0/loop_wrap = true
tracks/0/keys = {
"times": PackedFloat32Array(0.5, 0.9, 1.3, 1.9),
"transitions": PackedFloat32Array(1, 1, 1, 1),
"update": 0,
"values": [Vector2(0, 150), Vector2(-191, -2), Vector2(-191, -2), Vector2(2406, -47)]
}
tracks/1/type = "value"
tracks/1/imported = false
tracks/1/enabled = true
tracks/1/path = NodePath("..:rotation")
tracks/1/interp = 2
tracks/1/loop_wrap = true
tracks/1/keys = {
"times": PackedFloat32Array(0.4, 1, 1.9),
"transitions": PackedFloat32Array(1, 1, 1),
"update": 0,
"values": [0.0, 0.129154, 1.0472]
}

[sub_resource type="AnimationLibrary" id="AnimationLibrary_tdl1s"]
_data = {
"RESET": SubResource("Animation_3dc20"),
"deselect": SubResource("Animation_23127"),
"ini": SubResource("Animation_jwgnr"),
"pick": SubResource("Animation_0q62n"),
"post": SubResource("Animation_nrcuu"),
"select": SubResource("Animation_36h4c"),
"shuffle": SubResource("Animation_m0sop"),
"unshuffle": SubResource("Animation_hh1hx")
}

[node name="picker" type="CenterContainer"]
anchors_preset = 15
anchor_right = 1.0
anchor_bottom = 1.0
grow_horizontal = 2
grow_vertical = 2
script = ExtResource("1_pjntm")

[node name="Control" type="Control" parent="."]
layout_mode = 2

[node name="label" type="Label" parent="Control"]
visible = false
layout_mode = 2
offset_left = -359.0
offset_top = -256.0
offset_right = 358.0
offset_bottom = -218.0
text = "Pick a Card to take with you, a second one will be randomly assigned."
horizontal_alignment = 1

[node name="cards" type="Panel" parent="."]
layout_mode = 2

[node name="card_1" type="Control" parent="cards"]
layout_mode = 2
anchors_preset = 0
offset_left = -317.0
offset_top = 25.0
offset_right = -317.0
offset_bottom = 25.0
rotation = -0.109599

[node name="AnimationPlayer" type="AnimationPlayer" parent="cards/card_1"]
libraries = {
"": SubResource("AnimationLibrary_gdxmh")
}

[node name="card" parent="cards/card_1" instance=ExtResource("2_dqebt")]
text = "Slot 1"

[node name="card_2" type="Control" parent="cards"]
layout_mode = 2
anchors_preset = 0

[node name="AnimationPlayer" type="AnimationPlayer" parent="cards/card_2"]
libraries = {
"": SubResource("AnimationLibrary_oxheu")
}

[node name="card" parent="cards/card_2" instance=ExtResource("2_dqebt")]
text = "Slot 2"

[node name="card_3" type="Control" parent="cards"]
layout_mode = 2
anchors_preset = 0
offset_left = 315.0
offset_top = 22.0
offset_right = 315.0
offset_bottom = 22.0
rotation = 0.10472

[node name="AnimationPlayer" type="AnimationPlayer" parent="cards/card_3"]
libraries = {
"": SubResource("AnimationLibrary_8blxm")
}

[node name="card" parent="cards/card_3" instance=ExtResource("2_dqebt")]
text = "Slot 3"

[node name="postIts" type="Panel" parent="."]
layout_mode = 2

[node name="postIt_1" type="Control" parent="postIts"]
layout_mode = 2
anchors_preset = 0
offset_top = -150.0
offset_bottom = -150.0

[node name="AnimationPlayer" type="AnimationPlayer" parent="postIts/postIt_1"]
root_node = NodePath(".")
autoplay = "ini"
libraries = {
"": SubResource("AnimationLibrary_ga4dm")
}

[node name="post-it" parent="postIts/postIt_1" instance=ExtResource("3_ggbxq")]
text = "Post 1"

[node name="postIt_2" type="Control" parent="postIts"]
layout_mode = 2
anchors_preset = 0
offset_top = -50.0
offset_bottom = -50.0

[node name="AnimationPlayer" type="AnimationPlayer" parent="postIts/postIt_2"]
root_node = NodePath(".")
autoplay = "ini"
libraries = {
"": SubResource("AnimationLibrary_sxnmi")
}

[node name="post-it" parent="postIts/postIt_2" instance=ExtResource("3_ggbxq")]
text = "Post 2"

[node name="postIt_3" type="Control" parent="postIts"]
layout_mode = 2
anchors_preset = 0
offset_top = 50.0
offset_bottom = 50.0

[node name="AnimationPlayer" type="AnimationPlayer" parent="postIts/postIt_3"]
root_node = NodePath(".")
autoplay = "ini"
libraries = {
"": SubResource("AnimationLibrary_xs06v")
}

[node name="post-it" parent="postIts/postIt_3" instance=ExtResource("3_ggbxq")]
text = "Post 3"

[node name="postIt_4" type="Control" parent="postIts"]
layout_mode = 2
anchors_preset = 0
offset_top = 150.0
offset_bottom = 150.0

[node name="AnimationPlayer" type="AnimationPlayer" parent="postIts/postIt_4"]
root_node = NodePath(".")
autoplay = "ini"
libraries = {
"": SubResource("AnimationLibrary_tdl1s")
}

[node name="post-it" parent="postIts/postIt_4" instance=ExtResource("3_ggbxq")]
text = "Post 4"

[node name="board of devs" parent="." instance=ExtResource("4_1kvte")]
visible = false
layout_mode = 2
